
<record>
  <leader>01713cam a22003377i 4500</leader>
  <controlfield tag="001">19333199</controlfield>
  <controlfield tag="005">20200103150850.0</controlfield>
  <controlfield tag="008">160919s2016    fr a          000 0dper  </controlfield>
  <datafield tag="906" ind1=" " ind2=" ">
    <subfield code="a">7</subfield>
    <subfield code="b">cbc</subfield>
    <subfield code="c">orignew</subfield>
    <subfield code="d">4</subfield>
    <subfield code="e">ncip</subfield>
    <subfield code="f">20</subfield>
    <subfield code="g">y-nonroman</subfield>
  </datafield>
  <datafield tag="925" ind1="0" ind2=" ">
    <subfield code="a">acquire</subfield>
    <subfield code="b">1 shelf copy</subfield>
    <subfield code="x">policy default</subfield>
  </datafield>
  <datafield tag="955" ind1=" " ind2=" ">
    <subfield code="b">ce20 2016-10-12 to ASME/ME;</subfield>
    <subfield code="h">ce04 2016-10-21 to stacks</subfield>
  </datafield>
  <datafield tag="010" ind1=" " ind2=" ">
    <subfield code="a">  2016404645</subfield>
  </datafield>
  <datafield tag="040" ind1=" " ind2=" ">
    <subfield code="a">DLC</subfield>
    <subfield code="b">eng</subfield>
    <subfield code="e">rda</subfield>
    <subfield code="c">DLC</subfield>
  </datafield>
  <datafield tag="041" ind1="0" ind2=" ">
    <subfield code="a">per</subfield>
    <subfield code="a">eng</subfield>
    <subfield code="a">fre</subfield>
    <subfield code="a">spa</subfield>
  </datafield>
  <datafield tag="050" ind1="0" ind2="0">
    <subfield code="a">MLCSN 2016/00329 (C)</subfield>
  </datafield>
  <datafield tag="066" ind1=" " ind2=" ">
    <subfield code="c">(3</subfield>
    <subfield code="c">(4</subfield>
  </datafield>
  <datafield tag="245" ind1="0" ind2="0">
    <subfield code="6">880-01</subfield>
    <subfield code="a">Qiṣṣah-i Rāmīn :</subfield>
    <subfield code="b">bih zabān-i khūdash va dar āyīnah-i nigāh-i khvīshān va dūstānash = L&apos;Histoire de Ramin : selon lui-même et dans le regard des proches et des amis.</subfield>
  </datafield>
  <datafield tag="880" ind1="0" ind2="0">
    <subfield code="6">245-01/(3/r‏</subfield>
    <subfield code="a">‏قصه رامين :‏</subfield>
    <subfield code="b">‏به زبان خودش و در آيينه نگاه خويشان و دوستانش = L&apos;Histoire de Ramin : selon lui-même et dans le regard des proches et des amis.</subfield>
  </datafield>
  <datafield tag="246" ind1="1" ind2="5">
    <subfield code="a">Histoire de Ramin :</subfield>
    <subfield code="b">selon lui-même et dans le regard des proches et des amis</subfield>
  </datafield>
  <datafield tag="264" ind1=" " ind2="1">
    <subfield code="6">880-02</subfield>
    <subfield code="a">[France] :</subfield>
    <subfield code="b">Intishārāt-i Khāvarān,</subfield>
    <subfield code="c">2015.</subfield>
  </datafield>
  <datafield tag="880" ind1=" " ind2="1">
    <subfield code="6">264-02/(3/r‏</subfield>
    <subfield code="a">‏[France] :‏</subfield>
    <subfield code="b">‏انتشارات خاوران،‏</subfield>
    <subfield code="c">‏‪2015‬.</subfield>
  </datafield>
  <datafield tag="300" ind1=" " ind2=" ">
    <subfield code="a">104 , 93 pages :</subfield>
    <subfield code="b">color illustrations ;</subfield>
    <subfield code="c">22 cm</subfield>
  </datafield>
  <datafield tag="336" ind1=" " ind2=" ">
    <subfield code="a">text</subfield>
    <subfield code="b">txt</subfield>
    <subfield code="2">rdacontent</subfield>
  </datafield>
  <datafield tag="337" ind1=" " ind2=" ">
    <subfield code="a">unmediated</subfield>
    <subfield code="b">n</subfield>
    <subfield code="2">rdamedia</subfield>
  </datafield>
  <datafield tag="338" ind1=" " ind2=" ">
    <subfield code="a">volume</subfield>
    <subfield code="b">nc</subfield>
    <subfield code="2">rdacarrier</subfield>
  </datafield>
  <datafield tag="546" ind1=" " ind2=" ">
    <subfield code="a">In Persian, English, French and Spanish.</subfield>
  </datafield>
  <datafield tag="600" ind1="0" ind2="0">
    <subfield code="6">880-03</subfield>
    <subfield code="a">Rāmīn,</subfield>
    <subfield code="d">1960-2015.</subfield>
  </datafield>
  <datafield tag="880" ind1="0" ind2="4">
    <subfield code="6">600-03/(3/r‏</subfield>
    <subfield code="a">‏رامين,‏</subfield>
    <subfield code="d">‏1960-2015.</subfield>
  </datafield>
  <datafield tag="700" ind1="1" ind2=" ">
    <subfield code="6">880-04</subfield>
    <subfield code="a">Ḥājibī Tabrīzī, Vīdā,</subfield>
    <subfield code="e">compiler.</subfield>
  </datafield>
  <datafield tag="880" ind1="1" ind2=" ">
    <subfield code="6">700-04/(3/r‏</subfield>
    <subfield code="a">‏حاجبى تبريزى، ويدا.</subfield>
  </datafield>
  <datafield tag="923" ind1=" " ind2=" ">
    <subfield code="d">2016</subfield>
    <subfield code="s">V00003012</subfield>
  </datafield>
</record>