
<record>
  <leader>00961cam a22002297i 4500</leader>
  <controlfield tag="001">19337401</controlfield>
  <controlfield tag="005">20200103150851.0</controlfield>
  <controlfield tag="008">161017e201601  bn            000 0 fre  </controlfield>
  <datafield tag="906" ind1=" " ind2=" ">
    <subfield code="a">7</subfield>
    <subfield code="b">cbc</subfield>
    <subfield code="c">orignew</subfield>
    <subfield code="d">4</subfield>
    <subfield code="e">ncip</subfield>
    <subfield code="f">20</subfield>
    <subfield code="g">y-gencatlg</subfield>
  </datafield>
  <datafield tag="925" ind1="0" ind2=" ">
    <subfield code="a">acquire</subfield>
    <subfield code="b">1 shelf copy</subfield>
    <subfield code="x">mlh 2016-10-17</subfield>
  </datafield>
  <datafield tag="955" ind1=" " ind2=" ">
    <subfield code="b">bc06 2016-10-17 z-processor (telework) to ALAWE/A,</subfield>
    <subfield code="h">bc14 2016-10-24 (telework) to SHELF</subfield>
  </datafield>
  <datafield tag="010" ind1=" " ind2=" ">
    <subfield code="a">  2016468002</subfield>
  </datafield>
  <datafield tag="040" ind1=" " ind2=" ">
    <subfield code="a">DLC</subfield>
    <subfield code="b">eng</subfield>
    <subfield code="c">DLC</subfield>
    <subfield code="e">rda</subfield>
  </datafield>
  <datafield tag="050" ind1="0" ind2="0">
    <subfield code="a">MLCS 2016/44639 (P)</subfield>
  </datafield>
  <datafield tag="245" ind1="0" ind2="0">
    <subfield code="a">Sous le regard de Dieu, election présidentielle 2016 :</subfield>
    <subfield code="b">lettre pastorale /</subfield>
    <subfield code="c">Conférence épiscopale du Bénin.</subfield>
  </datafield>
  <datafield tag="264" ind1=" " ind2="1">
    <subfield code="a">[Cotonou] :</subfield>
    <subfield code="b">[Conférence épiscopale du Bénin?],</subfield>
    <subfield code="c">janvier 2016.</subfield>
  </datafield>
  <datafield tag="300" ind1=" " ind2=" ">
    <subfield code="a">23 pages</subfield>
    <subfield code="c">20 cm.</subfield>
  </datafield>
  <datafield tag="336" ind1=" " ind2=" ">
    <subfield code="a">text</subfield>
    <subfield code="b">txt</subfield>
    <subfield code="2">rdacontent</subfield>
  </datafield>
  <datafield tag="337" ind1=" " ind2=" ">
    <subfield code="a">unmediated</subfield>
    <subfield code="b">n</subfield>
    <subfield code="2">rdamedia</subfield>
  </datafield>
  <datafield tag="338" ind1=" " ind2=" ">
    <subfield code="a">volume</subfield>
    <subfield code="b">nc</subfield>
    <subfield code="2">rdacarrier</subfield>
  </datafield>
  <datafield tag="710" ind1="2" ind2=" ">
    <subfield code="a">Catholic Church.</subfield>
    <subfield code="b">Conférence épiscopale du Bénin,</subfield>
    <subfield code="e">issuing body.</subfield>
  </datafield>
  <datafield tag="923" ind1=" " ind2=" ">
    <subfield code="a">Purchase</subfield>
    <subfield code="d">20160613</subfield>
    <subfield code="n">772782</subfield>
    <subfield code="s">Hogarth (93001367)</subfield>
  </datafield>
</record>