
<record>
  <leader>01421cam a22002897i 4500</leader>
  <controlfield tag="001">19342132</controlfield>
  <controlfield tag="005">20200103150851.0</controlfield>
  <controlfield tag="008">161020s2016    dm            000 0 fre  </controlfield>
  <datafield tag="906" ind1=" " ind2=" ">
    <subfield code="a">7</subfield>
    <subfield code="b">cbc</subfield>
    <subfield code="c">orignew</subfield>
    <subfield code="d">4</subfield>
    <subfield code="e">ncip</subfield>
    <subfield code="f">20</subfield>
    <subfield code="g">y-gencatlg</subfield>
  </datafield>
  <datafield tag="925" ind1="0" ind2=" ">
    <subfield code="a">acquire</subfield>
    <subfield code="b">1 shelf copy</subfield>
    <subfield code="x">policy default</subfield>
  </datafield>
  <datafield tag="955" ind1=" " ind2=" ">
    <subfield code="b">bc21 2016-10-20 to ALAWE/A,</subfield>
    <subfield code="h">bc21 2016-10-20 to shelf</subfield>
    <subfield code="a">bd05 2016-10-24 review</subfield>
    <subfield code="a">bc14 2016-10-26 (labled then sent book to shelf)</subfield>
    <subfield code="a">bc12 2017-09-12 (duplicate information added)</subfield>
  </datafield>
  <datafield tag="010" ind1=" " ind2=" ">
    <subfield code="a">  2016468796</subfield>
  </datafield>
  <datafield tag="020" ind1=" " ind2=" ">
    <subfield code="a">9789991922461</subfield>
  </datafield>
  <datafield tag="040" ind1=" " ind2=" ">
    <subfield code="a">DLC</subfield>
    <subfield code="b">eng</subfield>
    <subfield code="e">rda</subfield>
    <subfield code="c">DLC</subfield>
  </datafield>
  <datafield tag="050" ind1="0" ind2="0">
    <subfield code="a">MLCS 2016/44456 (P)</subfield>
  </datafield>
  <datafield tag="100" ind1="1" ind2=" ">
    <subfield code="a">Adonon, Sophie.</subfield>
  </datafield>
  <datafield tag="245" ind1="1" ind2="0">
    <subfield code="a">Monarque Hangbé :</subfield>
    <subfield code="b">panégyrique d&apos;une reine biffée : (reine du Danhomè, 1708 à 1711, l&apos;actuelle République du Bénin) : essai-documentaire /</subfield>
    <subfield code="c">Sophie Adonon ; préface du professeur, Jean-Roger Ahoyo.</subfield>
  </datafield>
  <datafield tag="264" ind1=" " ind2="1">
    <subfield code="a">Cotonou :</subfield>
    <subfield code="b">Imprimerie Gutenberg,</subfield>
    <subfield code="c">[2016]</subfield>
  </datafield>
  <datafield tag="300" ind1=" " ind2=" ">
    <subfield code="a">64 pages ;</subfield>
    <subfield code="c">20 cm</subfield>
  </datafield>
  <datafield tag="336" ind1=" " ind2=" ">
    <subfield code="a">text</subfield>
    <subfield code="b">txt</subfield>
    <subfield code="2">rdacontent</subfield>
  </datafield>
  <datafield tag="337" ind1=" " ind2=" ">
    <subfield code="a">unmediated</subfield>
    <subfield code="b">n</subfield>
    <subfield code="2">rdamedia</subfield>
  </datafield>
  <datafield tag="338" ind1=" " ind2=" ">
    <subfield code="a">volume</subfield>
    <subfield code="b">nc</subfield>
    <subfield code="2">rdacarrier</subfield>
  </datafield>
  <datafield tag="520" ind1=" " ind2=" ">
    <subfield code="a">This is the story of the only queen of Dahomey whose reign from 1708-1711 was covered-up and subsumed under that of his younger brother because she was a woman.</subfield>
  </datafield>
  <datafield tag="546" ind1=" " ind2=" ">
    <subfield code="a">text in French</subfield>
  </datafield>
  <datafield tag="653" ind1="0" ind2=" ">
    <subfield code="a">Queen of Dahomey;</subfield>
    <subfield code="a">Tassi Hangbé</subfield>
  </datafield>
  <datafield tag="923" ind1=" " ind2=" ">
    <subfield code="a">purchase</subfield>
    <subfield code="d">2016-08-20</subfield>
    <subfield code="n">2016-20</subfield>
    <subfield code="s">ODAH</subfield>
  </datafield>
  <datafield tag="923" ind1=" " ind2=" ">
    <subfield code="a">purchase</subfield>
    <subfield code="d">2017-08-21</subfield>
    <subfield code="n">2017-19</subfield>
    <subfield code="s">Audin Odah ; 96002146 [duplicate]</subfield>
  </datafield>
</record>