
<record>
  <leader>01073cam a22002657i 4500</leader>
  <controlfield tag="001">19342681</controlfield>
  <controlfield tag="005">20200103150851.0</controlfield>
  <controlfield tag="008">161020s2016    dm            000 0 fre  </controlfield>
  <datafield tag="906" ind1=" " ind2=" ">
    <subfield code="a">7</subfield>
    <subfield code="b">cbc</subfield>
    <subfield code="c">orignew</subfield>
    <subfield code="d">4</subfield>
    <subfield code="e">ncip</subfield>
    <subfield code="f">20</subfield>
    <subfield code="g">y-gencatlg</subfield>
  </datafield>
  <datafield tag="925" ind1="0" ind2=" ">
    <subfield code="a">acquire</subfield>
    <subfield code="b">1 shelf copy</subfield>
    <subfield code="x">policy default</subfield>
  </datafield>
  <datafield tag="955" ind1=" " ind2=" ">
    <subfield code="b">bc21 2016-10-20</subfield>
    <subfield code="h">bc21 2016-10-20 to shelf</subfield>
    <subfield code="a">bd05 2016-10-24 review</subfield>
  </datafield>
  <datafield tag="010" ind1=" " ind2=" ">
    <subfield code="a">  2016468800</subfield>
  </datafield>
  <datafield tag="020" ind1=" " ind2=" ">
    <subfield code="a">9789991922560</subfield>
  </datafield>
  <datafield tag="040" ind1=" " ind2=" ">
    <subfield code="a">DLC</subfield>
    <subfield code="b">eng</subfield>
    <subfield code="e">rda</subfield>
    <subfield code="c">DLC</subfield>
  </datafield>
  <datafield tag="050" ind1="0" ind2="0">
    <subfield code="a">MLCS 2016/44493 (P)</subfield>
  </datafield>
  <datafield tag="100" ind1="1" ind2=" ">
    <subfield code="a">Adonon, Sophie,</subfield>
    <subfield code="e">author.</subfield>
  </datafield>
  <datafield tag="245" ind1="1" ind2="0">
    <subfield code="a">Assouka</subfield>
    <subfield code="b">pièce de théâtre en alexandrins (suivi d&apos;un précis de versification) /</subfield>
    <subfield code="c">Sophie Adonon.</subfield>
  </datafield>
  <datafield tag="264" ind1=" " ind2="1">
    <subfield code="a">Cotonou-Bénin :</subfield>
    <subfield code="b">Les Éditions Savane,</subfield>
    <subfield code="c">[2016]</subfield>
  </datafield>
  <datafield tag="300" ind1=" " ind2=" ">
    <subfield code="a">101 pages ;</subfield>
    <subfield code="c">19 cm</subfield>
  </datafield>
  <datafield tag="336" ind1=" " ind2=" ">
    <subfield code="a">text</subfield>
    <subfield code="b">txt</subfield>
    <subfield code="2">rdacontent</subfield>
  </datafield>
  <datafield tag="337" ind1=" " ind2=" ">
    <subfield code="a">unmediated</subfield>
    <subfield code="b">n</subfield>
    <subfield code="2">rdamedia</subfield>
  </datafield>
  <datafield tag="338" ind1=" " ind2=" ">
    <subfield code="a">volume</subfield>
    <subfield code="b">nc</subfield>
    <subfield code="2">rdacarrier</subfield>
  </datafield>
  <datafield tag="520" ind1=" " ind2=" ">
    <subfield code="a">In this verse drama, a pioneer of its kind by an African female writer, the heroine Assouka overcame all odds as a woman to become successful.</subfield>
  </datafield>
  <datafield tag="546" ind1=" " ind2=" ">
    <subfield code="a">text in French</subfield>
  </datafield>
  <datafield tag="923" ind1=" " ind2=" ">
    <subfield code="a">purchase</subfield>
    <subfield code="d">2016-08-20</subfield>
    <subfield code="n">2016-20</subfield>
    <subfield code="s">ODAH</subfield>
  </datafield>
</record>