
<record>
  <leader>03262cam a2200457 i 4500</leader>
  <controlfield tag="001">19345684</controlfield>
  <controlfield tag="005">20200103143659.0</controlfield>
  <controlfield tag="008">161024t20162016ua b     b    001 0 eng c</controlfield>
  <datafield tag="906" ind1=" " ind2=" ">
    <subfield code="a">7</subfield>
    <subfield code="b">cbc</subfield>
    <subfield code="c">pccadap</subfield>
    <subfield code="d">2</subfield>
    <subfield code="e">ncip</subfield>
    <subfield code="f">20</subfield>
    <subfield code="g">y-gencatlg</subfield>
  </datafield>
  <datafield tag="925" ind1="0" ind2=" ">
    <subfield code="a">acquire</subfield>
    <subfield code="b">1 shelf copy</subfield>
    <subfield code="x">policy default</subfield>
  </datafield>
  <datafield tag="955" ind1=" " ind2=" ">
    <subfield code="b">xn01 2016-10-24 z-processor to USPRLL</subfield>
    <subfield code="b">xk01 2020-01-03 z-processor</subfield>
    <subfield code="i">xk01 2020-01-03 to BCCD</subfield>
  </datafield>
  <datafield tag="010" ind1=" " ind2=" ">
    <subfield code="a">  2016298010</subfield>
  </datafield>
  <datafield tag="020" ind1=" " ind2=" ">
    <subfield code="a">9774167155</subfield>
  </datafield>
  <datafield tag="020" ind1=" " ind2=" ">
    <subfield code="a">9789774167157</subfield>
  </datafield>
  <datafield tag="035" ind1=" " ind2=" ">
    <subfield code="a">(OCoLC)ocn910856235</subfield>
  </datafield>
  <datafield tag="040" ind1=" " ind2=" ">
    <subfield code="a">YDXCP</subfield>
    <subfield code="b">eng</subfield>
    <subfield code="c">YDXCP</subfield>
    <subfield code="e">rda</subfield>
    <subfield code="d">BTCTA</subfield>
    <subfield code="d">BDX</subfield>
    <subfield code="d">OCLCQ</subfield>
    <subfield code="d">OCLCO</subfield>
    <subfield code="d">YDX</subfield>
    <subfield code="d">J2H</subfield>
    <subfield code="d">OCLCO</subfield>
    <subfield code="d">OCLCF</subfield>
    <subfield code="d">OCLCO</subfield>
    <subfield code="d">CUT</subfield>
    <subfield code="d">LEILA</subfield>
    <subfield code="d">MEAUC</subfield>
    <subfield code="d">YWM</subfield>
    <subfield code="d">OCL</subfield>
    <subfield code="d">WAU</subfield>
    <subfield code="d">OCLCO</subfield>
    <subfield code="d">CRU</subfield>
    <subfield code="d">CHVBK</subfield>
    <subfield code="d">OCLCO</subfield>
    <subfield code="d">UBY</subfield>
    <subfield code="d">DLC</subfield>
  </datafield>
  <datafield tag="041" ind1=" " ind2=" ">
    <subfield code="a">eng</subfield>
    <subfield code="a">ara</subfield>
  </datafield>
  <datafield tag="042" ind1=" " ind2=" ">
    <subfield code="a">pcc</subfield>
  </datafield>
  <datafield tag="050" ind1="0" ind2="0">
    <subfield code="a">PJ6311</subfield>
    <subfield code="b">.D56 2016</subfield>
  </datafield>
  <datafield tag="100" ind1="1" ind2=" ">
    <subfield code="a">DiMeo, David Fred,</subfield>
    <subfield code="e">author.</subfield>
  </datafield>
  <datafield tag="245" ind1="1" ind2="4">
    <subfield code="a">The travels of Ibn Battuta :</subfield>
    <subfield code="b">a guided Arabic reader /</subfield>
    <subfield code="c">David DiMeo and Inas Hassan.</subfield>
  </datafield>
  <datafield tag="264" ind1=" " ind2="1">
    <subfield code="a">Cairo ;</subfield>
    <subfield code="a">New York :</subfield>
    <subfield code="b">The American University in Cairo Press,</subfield>
    <subfield code="c">2016.</subfield>
  </datafield>
  <datafield tag="264" ind1=" " ind2="4">
    <subfield code="c">©2016</subfield>
  </datafield>
  <datafield tag="300" ind1=" " ind2=" ">
    <subfield code="a">x, 318 pages :</subfield>
    <subfield code="b">maps ;</subfield>
    <subfield code="c">23 cm</subfield>
  </datafield>
  <datafield tag="336" ind1=" " ind2=" ">
    <subfield code="a">text</subfield>
    <subfield code="b">txt</subfield>
    <subfield code="2">rdacontent</subfield>
  </datafield>
  <datafield tag="337" ind1=" " ind2=" ">
    <subfield code="a">unmediated</subfield>
    <subfield code="b">n</subfield>
    <subfield code="2">rdamedia</subfield>
  </datafield>
  <datafield tag="338" ind1=" " ind2=" ">
    <subfield code="a">volume</subfield>
    <subfield code="b">nc</subfield>
    <subfield code="2">rdacarrier</subfield>
  </datafield>
  <datafield tag="504" ind1=" " ind2=" ">
    <subfield code="a">Includes bibliographical references (page 318) and indexes.</subfield>
  </datafield>
  <datafield tag="505" ind1="0" ind2=" ">
    <subfield code="a">Setting off on the greatest journey -- The lighthouse at Alexandria, one of the wonders of the world -- The Mamluk Sultan of Egypt -- Jerusalem and the dome of the rock -- Damascus, paradise of the East -- The Hajj journey and Medina -- The Hajj to Mecca -- Baghdad, city of Caliphs -- Yemen, gateway to East Asia -- The African coast -- Travels along the Arabian Gulf -- The Golden Horde of Mongol Russia -- Constantinople, capital of the Byzantine empire -- The sultan of India -- Dalhi, capital of Muslim India -- Judge in the Maldives -- The rich kingdom of China -- Muslim Spain (al-Andalus) -- The return home -- To Mali and Timbuktu.</subfield>
  </datafield>
  <datafield tag="520" ind1="1" ind2=" ">
    <subfield code="a">&quot;While telling a fascinating narrative as a whole, each of the twenty lessons is designed to stand alone for classroom or individual study. Individual sections focus on classical grammar and stylistics, historical and cultural background and critical evaluation of the texts. The book also provides teachers with a wide range of comprehension, composition, interpretation, and research activities.&quot;--P. [4] of cover.</subfield>
  </datafield>
  <datafield tag="600" ind1="0" ind2="0">
    <subfield code="6">880-01</subfield>
    <subfield code="a">Ibn Batuta,</subfield>
    <subfield code="d">1304-1377.</subfield>
    <subfield code="t">Tuḥfat al-nuẓẓār fī gharāʼib al-amṣār wa-ʻajāʼib al-asfār.</subfield>
  </datafield>
  <datafield tag="650" ind1=" " ind2="0">
    <subfield code="a">Arabic language</subfield>
    <subfield code="v">Readers.</subfield>
  </datafield>
  <datafield tag="600" ind1="0" ind2="4">
    <subfield code="6">880-02</subfield>
    <subfield code="a">Ibn Batuta,</subfield>
    <subfield code="d">1304-1377.</subfield>
    <subfield code="t">Tuḥfat al-nuẓẓār fī gharāʼib al-amṣār wa-ʻajāʼib al-asfār.</subfield>
  </datafield>
  <datafield tag="630" ind1="0" ind2="7">
    <subfield code="a">Tuḥfat al-nuẓẓār fī gharāʼib al-amṣār wa-ʻajāʼib al-asfār (Ibn Batuta)</subfield>
    <subfield code="2">fast</subfield>
    <subfield code="0">(OCoLC)fst01373851</subfield>
  </datafield>
  <datafield tag="650" ind1=" " ind2="7">
    <subfield code="a">Arabic language.</subfield>
    <subfield code="2">fast</subfield>
    <subfield code="0">(OCoLC)fst00812287</subfield>
  </datafield>
  <datafield tag="655" ind1=" " ind2="7">
    <subfield code="a">Readers.</subfield>
    <subfield code="2">fast</subfield>
    <subfield code="0">(OCoLC)fst01423896</subfield>
  </datafield>
  <datafield tag="655" ind1=" " ind2="7">
    <subfield code="a">Readers (Publications)</subfield>
    <subfield code="2">fast</subfield>
    <subfield code="0">(OCoLC)fst01919959</subfield>
  </datafield>
  <datafield tag="600" ind1="1" ind2="7">
    <subfield code="a">Ibn-Baṭṭūṭa, Muḥammad Ibn-ʻAbdallāh</subfield>
    <subfield code="d">1304-1377</subfield>
    <subfield code="t">Riḥla</subfield>
    <subfield code="2">gnd</subfield>
  </datafield>
  <datafield tag="655" ind1=" " ind2="7">
    <subfield code="a">Readers (Publications)</subfield>
    <subfield code="2">lcgft</subfield>
  </datafield>
  <datafield tag="700" ind1="1" ind2=" ">
    <subfield code="a">Hassan, Inas,</subfield>
    <subfield code="e">author.</subfield>
  </datafield>
  <datafield tag="700" ind1="0" ind2="2">
    <subfield code="a">Ibn Batuta,</subfield>
    <subfield code="d">1304-1377.</subfield>
    <subfield code="t">Tuḥfat al-nuẓẓār fī gharāʼib al-amṣār wa-ʻajāʼib al-asfār.</subfield>
    <subfield code="k">Selections (Dimeo and Hassan)</subfield>
    <subfield code="i">Container of (work):</subfield>
  </datafield>
</record>