
<record>
  <leader>01864cam a22003017i 4500</leader>
  <controlfield tag="001">19351791</controlfield>
  <controlfield tag="005">20200103150852.0</controlfield>
  <controlfield tag="008">160926s2016    be            000 p dut  </controlfield>
  <datafield tag="906" ind1=" " ind2=" ">
    <subfield code="a">7</subfield>
    <subfield code="b">cbc</subfield>
    <subfield code="c">origres</subfield>
    <subfield code="d">3</subfield>
    <subfield code="e">ncip</subfield>
    <subfield code="f">20</subfield>
    <subfield code="g">y-gencatlg</subfield>
  </datafield>
  <datafield tag="925" ind1="0" ind2=" ">
    <subfield code="a">acquire</subfield>
    <subfield code="b">1 shelf copy</subfield>
    <subfield code="x">policy default</subfield>
  </datafield>
  <datafield tag="955" ind1=" " ind2=" ">
    <subfield code="b">BD25 2016-12-28</subfield>
    <subfield code="b">bc12 2018-08-29 z-processor (telework)</subfield>
    <subfield code="i">bc12 2018-11-07 (telework)</subfield>
    <subfield code="e">bc12 2018-11-08 to BCCD (ABACheck &amp; Labeled)</subfield>
  </datafield>
  <datafield tag="010" ind1=" " ind2=" ">
    <subfield code="a">  2016495084</subfield>
  </datafield>
  <datafield tag="020" ind1=" " ind2=" ">
    <subfield code="a">9789056553562</subfield>
    <subfield code="q">(paperback)</subfield>
  </datafield>
  <datafield tag="020" ind1=" " ind2=" ">
    <subfield code="a">9056553569</subfield>
    <subfield code="q">(paperback)</subfield>
  </datafield>
  <datafield tag="040" ind1=" " ind2=" ">
    <subfield code="a">DLC</subfield>
    <subfield code="b">eng</subfield>
    <subfield code="e">rda</subfield>
    <subfield code="c">DLC</subfield>
  </datafield>
  <datafield tag="050" ind1="0" ind2="0">
    <subfield code="a">PT6466.2.A358</subfield>
    <subfield code="b">T44 2016</subfield>
  </datafield>
  <datafield tag="100" ind1="1" ind2=" ">
    <subfield code="a">Janssen, Bart,</subfield>
    <subfield code="d">1959-</subfield>
    <subfield code="e">author.</subfield>
  </datafield>
  <datafield tag="240" ind1="1" ind2="0">
    <subfield code="a">Poems.</subfield>
    <subfield code="k">Selections</subfield>
  </datafield>
  <datafield tag="245" ind1="1" ind2="0">
    <subfield code="a">Tegen het scheuren /</subfield>
    <subfield code="c">Bart Janssen.</subfield>
  </datafield>
  <datafield tag="264" ind1=" " ind2="1">
    <subfield code="a">Gent :</subfield>
    <subfield code="b">PoezieCentrum,</subfield>
    <subfield code="c">[2016]</subfield>
  </datafield>
  <datafield tag="264" ind1=" " ind2="4">
    <subfield code="c">©2016.</subfield>
  </datafield>
  <datafield tag="300" ind1=" " ind2=" ">
    <subfield code="a">50 pages ;</subfield>
    <subfield code="c">26 cm</subfield>
  </datafield>
  <datafield tag="336" ind1=" " ind2=" ">
    <subfield code="a">text</subfield>
    <subfield code="b">txt</subfield>
    <subfield code="2">rdacontent</subfield>
  </datafield>
  <datafield tag="337" ind1=" " ind2=" ">
    <subfield code="a">unmediated</subfield>
    <subfield code="b">n</subfield>
    <subfield code="2">rdamedia</subfield>
  </datafield>
  <datafield tag="338" ind1=" " ind2=" ">
    <subfield code="a">volume</subfield>
    <subfield code="b">nc</subfield>
    <subfield code="2">rdacarrier</subfield>
  </datafield>
  <datafield tag="520" ind1="8" ind2=" ">
    <subfield code="a">&quot;Een dwarsnaad is een naad om inscheuring te voorkomen. Door zijn strakke vormbeheersing legt Bart Janssen de woorden vast. Zoals de kleermaker een dwarsnaad stikt over het weefsel heen, zodat de stof niet kan scheuren. Niemand kan zo compact zwijgen als Bart Janssen. Geduldig, onverbiddelijk zelfs, legt hij de spieren van de taal bloot. Deze dichter hakt, uiterst precies en ritmisch, tot hij het geheim binnenin heeft gevonden. Hij naait het vast. Hij vloekt onhoorbaar, zonder leestekens; zijn krachttermen zijn voltooide deelwoorden. Kijk mee als deze dichter observeert. Zijn gedichten zijn kleine vensters afgedwongen van het licht, het zwart, een landschap, de horizon, de zee. Of een vrouw die beweegt, arbeiders in een droogoven. Een boom herleidt hij tot hout, wat botten en stekken en daarin kiemend: de kern.&quot;--Back cover.</subfield>
  </datafield>
  <datafield tag="923" ind1=" " ind2=" ">
    <subfield code="a">purchase</subfield>
    <subfield code="d">20161014</subfield>
    <subfield code="n">60032886</subfield>
    <subfield code="s">Erasmus</subfield>
  </datafield>
  <datafield tag="985" ind1=" " ind2=" ">
    <subfield code="e">VENDOR LOAD</subfield>
  </datafield>
</record>