
<record>
  <leader>03707cam a22004097i 4500</leader>
  <controlfield tag="001">19351846</controlfield>
  <controlfield tag="005">20200103121252.0</controlfield>
  <controlfield tag="008">160422t20152015pe a     b   f000 0 spa c</controlfield>
  <datafield tag="906" ind1=" " ind2=" ">
    <subfield code="a">7</subfield>
    <subfield code="b">cbc</subfield>
    <subfield code="c">pccadap</subfield>
    <subfield code="d">2</subfield>
    <subfield code="e">ncip</subfield>
    <subfield code="f">20</subfield>
    <subfield code="g">y-gencatlg</subfield>
  </datafield>
  <datafield tag="925" ind1="0" ind2=" ">
    <subfield code="a">acquire</subfield>
    <subfield code="b">1 shelf copy</subfield>
    <subfield code="x">policy default</subfield>
  </datafield>
  <datafield tag="955" ind1=" " ind2=" ">
    <subfield code="b">bd19 2016-12-21</subfield>
    <subfield code="b">bc12 2017-02-16 z-processor</subfield>
    <subfield code="i">bc12 2017-02-16</subfield>
    <subfield code="e">bc12 2017-02-16 to BCCD (ABACheck &amp; Labeled)</subfield>
    <subfield code="a">bg10 2017-02-16, rev.</subfield>
  </datafield>
  <datafield tag="010" ind1=" " ind2=" ">
    <subfield code="a">  2016477769</subfield>
  </datafield>
  <datafield tag="020" ind1=" " ind2=" ">
    <subfield code="a">9786124147456</subfield>
  </datafield>
  <datafield tag="020" ind1=" " ind2=" ">
    <subfield code="a">6124147459</subfield>
  </datafield>
  <datafield tag="035" ind1=" " ind2=" ">
    <subfield code="a">(OCoLC)ocn964662907</subfield>
  </datafield>
  <datafield tag="040" ind1=" " ind2=" ">
    <subfield code="a">FUG</subfield>
    <subfield code="b">eng</subfield>
    <subfield code="c">FUG</subfield>
    <subfield code="e">rda</subfield>
    <subfield code="d">PIT</subfield>
    <subfield code="d">CUY</subfield>
    <subfield code="d">DLC</subfield>
  </datafield>
  <datafield tag="043" ind1=" " ind2=" ">
    <subfield code="a">s-pe---</subfield>
  </datafield>
  <datafield tag="050" ind1="0" ind2="0">
    <subfield code="a">HQ606</subfield>
    <subfield code="b">.G35 2015</subfield>
  </datafield>
  <datafield tag="100" ind1="1" ind2=" ">
    <subfield code="a">Galdo Gutiérrez, Virgilio,</subfield>
    <subfield code="e">author.</subfield>
  </datafield>
  <datafield tag="245" ind1="1" ind2="0">
    <subfield code="a">Kawsakuyninchik :</subfield>
    <subfield code="b">ciclo vital y relaciones familiares en los Andes /</subfield>
    <subfield code="c">Virgilio Galdo Gutiérrez, María Alina Cavero.</subfield>
  </datafield>
  <datafield tag="246" ind1="1" ind2="8">
    <subfield code="a">Ciclo vital y relaciones familiares en los Andes</subfield>
  </datafield>
  <datafield tag="250" ind1=" " ind2=" ">
    <subfield code="a">Primera edición.</subfield>
  </datafield>
  <datafield tag="264" ind1=" " ind2="1">
    <subfield code="a">Lima :</subfield>
    <subfield code="b">Universidad Nacional Agraria La Molina,</subfield>
    <subfield code="c">2015.</subfield>
  </datafield>
  <datafield tag="264" ind1=" " ind2="4">
    <subfield code="c">©2015</subfield>
  </datafield>
  <datafield tag="300" ind1=" " ind2=" ">
    <subfield code="a">178 pages :</subfield>
    <subfield code="b">illustrations ;</subfield>
    <subfield code="c">24 cm</subfield>
  </datafield>
  <datafield tag="336" ind1=" " ind2=" ">
    <subfield code="a">text</subfield>
    <subfield code="2">rdacontent</subfield>
  </datafield>
  <datafield tag="337" ind1=" " ind2=" ">
    <subfield code="a">unmediated</subfield>
    <subfield code="2">rdamedia</subfield>
  </datafield>
  <datafield tag="338" ind1=" " ind2=" ">
    <subfield code="a">volume</subfield>
    <subfield code="2">rdacarrier</subfield>
  </datafield>
  <datafield tag="504" ind1=" " ind2=" ">
    <subfield code="a">Includes bibliographical references (pages 173-178).</subfield>
  </datafield>
  <datafield tag="505" ind1="0" ind2=" ">
    <subfield code="a">Algunas cuestiones iniciales -- El matrimonio y sus etapas previas --Gestación y alumbramiento -- Agua de Socorro, Bautizo, Destete y Algunas enfermedades intantiles -- El corte de pelo y los juegos infantiles -- La pubertad y la adolescencia -- El ocaso y la partida -- El compadrazgo en el mundo andino.</subfield>
  </datafield>
  <datafield tag="520" ind1=" " ind2=" ">
    <subfield code="a">&quot;Nuestro lema, más presente cada día, de &apos;Cultivar al hombre y al  campo&apos;, nos encomienda una permanente tarea, la del compromiso de nuestra universidad con el hombre y su desarrollo. Sin embargo este hombre, no es un ente abstracto, es alguien social y culturalmente ubicable. Para nuestra realidad y orientación universitaria, es principalmente el hombre rural, el andino, el mismo que es heredero del legado prehispánico, forjador del desarrollo rural y urbano. Una forma de conocer dicho legado en la técnica y la cultura en general, es conocer su ciclo vital, proceso que recorre el camino desde su nacimiento hasta la muerte. Estas etapas están marcadas por ritos de pasaje e iniciáticos de profundo simbolismo que es necesario conocerlos, como una forma de entender la lógica y cosmovisión peculiares. Por estas razones, nuestra universidad publica el estudio puntual y pormenorizado de los ritos y etapas del ciclo vital, que en  el mundo andino está ligado al campo, a la naturaleza, con indudable visión holistica. KAWSAKUYNINCHIK Cicio vital y relaciones familiares en los Andes de Virgilio Galdo y Maria Alina Cavero, es el resultado de una investigación de campo y rigurosa base teórica que nos ayuda a comprender el mundo ritual y religioso de nuestras comunidades andinas. Nuestra universidad, con esta publicación, ratifica su compromiso humanista y de alta especialización científica, sin abandonar el camino del desarrollo pleno y justo de nuestras comunidades, y del país en general / Wilfredo Lévano Carnero, Rector.&quot;--Page 4 of cover.</subfield>
  </datafield>
  <datafield tag="588" ind1=" " ind2=" ">
    <subfield code="a">This bibliographic record is available under the Creative Commons CC0 &quot;No Rights Reserved&quot; license. The University of Florida Libraries, as creator of this bibliographic record, has waived all rights to it worldwide under copyright law, including all related and neighboring rights, to the extent allowed by law.</subfield>
  </datafield>
  <datafield tag="650" ind1=" " ind2="0">
    <subfield code="a">Families</subfield>
    <subfield code="z">Peru</subfield>
    <subfield code="x">History.</subfield>
  </datafield>
  <datafield tag="650" ind1=" " ind2="0">
    <subfield code="a">Life cycle, Human</subfield>
    <subfield code="x">History.</subfield>
  </datafield>
  <datafield tag="700" ind1="1" ind2=" ">
    <subfield code="a">Cavero Carrasco, María Alina,</subfield>
    <subfield code="d">1941-</subfield>
    <subfield code="e">author.</subfield>
  </datafield>
  <datafield tag="923" ind1=" " ind2=" ">
    <subfield code="d">20161006</subfield>
    <subfield code="n">-7521</subfield>
    <subfield code="s">PE-LiEIC</subfield>
  </datafield>
  <datafield tag="985" ind1=" " ind2=" ">
    <subfield code="e">VENDOR LOAD</subfield>
  </datafield>
</record>
</collection>
